% Encoding: UTF-8
@inproceedings{luo14,
author = {Luo, Qingzhou and Hariri, Farah and Eloussi, Lamyaa and Marinov, Darko},
title = {An Empirical Analysis of Flaky Tests},
year = {2014},
isbn = {9781450330565},
publisher = {Association for Computing Machinery},
address = {New York, NY, USA},
url = {https://doi.org/10.1145/2635868.2635920},
doi = {10.1145/2635868.2635920},
booktitle = {Proceedings of the 22nd ACM SIGSOFT International Symposium on Foundations of Software Engineering},
pages = {643–653},
numpages = {11},
keywords = {non-determinism, flaky tests, Empirical study},
location = {Hong Kong, China},
series = {FSE 2014}
}

@inproceedings{eck19,
author = {Eck, Moritz and Palomba, Fabio and Castelluccio, Marco and Bacchelli, Alberto},
title = {Understanding Flaky Tests: The Developer’s Perspective},
year = {2019},
isbn = {9781450355728},
publisher = {Association for Computing Machinery},
address = {New York, NY, USA},
url = {https://doi.org/10.1145/3338906.3338945},
doi = {10.1145/3338906.3338945},
booktitle = {Proceedings of the 2019 27th ACM Joint Meeting on European Software Engineering Conference and Symposium on the Foundations of Software Engineering},
pages = {830–840},
numpages = {11},
keywords = {Flaky Tests, Empirical Studies, Mixed-Method Research},
location = {Tallinn, Estonia},
series = {ESEC/FSE 2019}
}

@inproceedings{bell18,
author = {Bell, Jonathan and Legunsen, Owolabi and Hilton, Michael and Eloussi, Lamyaa and Yung, Tifany and Marinov, Darko},
title = {DeFlaker: Automatically Detecting Flaky Tests},
year = {2018},
isbn = {9781450356381},
publisher = {Association for Computing Machinery},
address = {New York, NY, USA},
url = {https://doi.org/10.1145/3180155.3180164},
doi = {10.1145/3180155.3180164},
booktitle = {Proceedings of the 40th International Conference on Software Engineering},
pages = {433–444},
numpages = {12},
keywords = {software testing, code coverage, flaky tests},
location = {Gothenburg, Sweden},
series = {ICSE ’18}
}

@inproceedings{lam19,
  author={W. {Lam} and R. {Oei} and A. {Shi} and D. {Marinov} and T. {Xie}},
  booktitle={2019 12th IEEE Conference on Software Testing, Validation and Verification (ICST)}, 
  title={iDFlakies: A Framework for Detecting and Partially Classifying Flaky Tests}, 
  year={2019},
  volume={},
  number={},
  pages={312-322},}

@misc{lam19:data,
  organization = "iDFlakies: Flaky Test Dataset",
  howpublished = "https://sites.google.com/view/flakytestdataset"
}


@misc{java5,
  organization = "Oracle Java Documentation",
  howpublished = "https://docs.oracle.com/javase/1.5.0/docs/api/java/lang/instrument/package-summary.html"
}


@misc{cloud,
  organization = "ScienceCloud UZH",
  howpublished = "https://www.zi.uzh.ch/en/teaching-and-research/science-it/infrastructure/sciencecloud/"
}

@misc{maven,
  organization       = {Apache Maven Project},
  howpublished = "http://maven.apache.org/surefire/maven-surefire-plugin/examples/rerun-failing-tests.html",
  note         = {Accessed: 2020-07-01},
  title        = {Rerun Failing Tests},
}

@inproceedings{palomba17,
  author={F. {Palomba} and A. {Zaidman}},
  booktitle={2017 IEEE International Conference on Software Maintenance and Evolution (ICSME)}, 
  title={Notice of Retraction: Does Refactoring of Test Smells Induce Fixing Flaky Tests?}, 
  year={2017},
  volume={},
  number={},
  pages={1-12},}
  
@misc{github,
  organization = "GitHub",
  howpublished = "https://github.com/"
}

@misc{dropwizard,
  organization = "Dopwizard Metrics",
  howpublished = "https://metrics.dropwizard.io/"
}

@misc{svn,
  organization = "Apache Subversion",
  howpublished = "https://subversion.apache.org/"
}

@misc{apache,
  organization = "Apache Software Foundation",
  howpublished = "https://www.apache.org/"
}


@misc{bytebuddy,
  organization = "Bytebuddy",
  howpublished = "https://bytebuddy.net/"
}


@misc{javaparser,
  organization = "JavaParser",
  howpublished = "http://javaparser.org/"
}

@misc{xgboost,
  organization = "XGBoost",
  howpublished = "https://xgboost.readthedocs.io/en/latest/index.html"
}



@inproceedings{thorve18,
  author={S. {Thorve} and C. {Sreshtha} and N. {Meng}},
  booktitle={2018 IEEE International Conference on Software Maintenance and Evolution (ICSME)}, 
  title={An Empirical Study of Flaky Tests in Android Apps}, 
  year={2018},
  volume={},
  number={},
  pages={534-538}
}

@inproceedings{bruneton02,
    author = {Eric Bruneton and Romain Lenglet and Thierry Coupaye},
    title = {ASM: A code manipulation tool to implement adaptable systems},
    booktitle = {In Adaptable and extensible component systems},
    year = {2002}
}

@INPROCEEDINGS{ghotra17,
author={B. {Ghotra} and S. {McIntosh} and A. E. {Hassan}},
booktitle={2017 IEEE/ACM 14th International Conference on Mining Software Repositories (MSR)},   title={A Large-Scale Study of the Impact of Feature Selection Techniques on Defect Classification Models},
year={2017},
volume={},
number={},
pages={146-157}
}


@inproceedings{hall97,
  title={Subset Selection : A Correlation Based Filter Approach},
  author={Mark A. Hall and Lloyd A. Smith},
  year={1997}
}


@misc{micco17,
  title={The state of continuous integration testing at Google},
  author={John Micco},
  publisher={ICST},
  year={2017},
  howpublished = {http://aster.or.jp/conference/icst2017/program/jmicco-keynote.pdf}
}

@inproceedings{qian09,
    title = "Semi-Supervised Learning for Semantic Relation Classification using Stratified Sampling Strategy",
    author = "Qian, Longhua  and
      Zhou, Guodong  and
      Kong, Fang  and
      Zhu, Qiaoming",
    booktitle = "Proceedings of the 2009 Conference on Empirical Methods in Natural Language Processing",
    month = aug,
    year = "2009",
    address = "Singapore",
    publisher = "Association for Computational Linguistics",
    url = "https://www.aclweb.org/anthology/D09-1149",
    pages = "1437--1445",
}


@INPROCEEDINGS{daniel09,
  author={B. {Daniel} and V. {Jagannath} and D. {Dig} and D. {Marinov}},
  booktitle={2009 IEEE/ACM International Conference on Automated Software Engineering}, 
  title={ReAssert: Suggesting Repairs for Broken Unit Tests}, 
  year={2009},
  volume={},
  number={},
  pages={433-444},}


@INPROCEEDINGS{listfield17,
  author="Jeff Listfield",
  booktitle={Google Testing Blog}, 
  title={Where do our flaky tests come from?}, 
  year={2017},
  url = "https://testing.googleblog.com/2017/04/where-do-our-flaky-tests-come-from.html",
  volume={},
  number={},
  pages={},}


